<record><leader>00000cas a22000007a 4500</leader><controlfield tag="001">14337713</controlfield><controlfield tag="008">861003d19132013txuwr ne      0    0eng d</controlfield><datafield ind1=" " ind2=" " tag="010"><subfield code="a">sn 86089123 </subfield></datafield><datafield ind1=" " ind2=" " tag="040"><subfield code="a">PPM</subfield><subfield code="b">eng</subfield><subfield code="c">PPM</subfield><subfield code="d">OCLCQ</subfield><subfield code="d">DLC</subfield></datafield><datafield ind1=" " ind2=" " tag="042"><subfield code="a">msc</subfield></datafield><datafield ind1="0" ind2="0" tag="245"><subfield code="a">Briscoe County news.</subfield></datafield><datafield ind1=" " ind2=" " tag="260"><subfield code="a">Silverton, Tex. :</subfield><subfield code="b">J.L. Nunn</subfield></datafield><datafield ind1=" " ind2=" " tag="300"><subfield code="a">v. :</subfield><subfield code="b">ill. ;</subfield><subfield code="c">56 cm.</subfield></datafield><datafield ind1=" " ind2=" " tag="310"><subfield code="a">Weekly</subfield></datafield><datafield ind1="1" ind2=" " tag="362"><subfield code="a">Began in 1913?</subfield></datafield><datafield ind1=" " ind2=" " tag="580"><subfield code="a">Merged with Valley Crier and Motley Mash Up to form: Caprock Courier.</subfield></datafield><datafield ind1=" " ind2=" " tag="588"><subfield code="a">Description based on: Vol. 11, no. 48 (Mar. 20, 1925).</subfield></datafield><datafield ind1=" " ind2=" " tag="752"><subfield code="a">United States</subfield><subfield code="b">Texas</subfield><subfield code="c">Briscoe</subfield><subfield code="d">Silverton.</subfield></datafield><datafield ind1="0" ind2="5" tag="780"><subfield code="t">Silverton star</subfield></datafield><datafield ind1="1" ind2="7" tag="785"><subfield code="t">Valley Crier</subfield></datafield><datafield ind1="1" ind2="7" tag="785"><subfield code="t">Motley Mash Up</subfield></datafield><datafield ind1="1" ind2="7" tag="785"><subfield code="t">Caprock courier</subfield><subfield code="x">2329-6046</subfield><subfield code="w">(DLC)  2013201338</subfield><subfield code="w">(OCoLC)848009613</subfield></datafield></record>